@inproceedings{dynamo:amazon,
 author = {DeCandia, Giuseppe and Hastorun, Deniz and Jampani, Madan
                  and Kakulapati, Gunavardhan and Lakshman, Avinash
                  and Pilchin, Alex and Sivasubramanian, Swaminathan
                  and Vosshall, Peter and Vogels, Werner}, 
 title = {Dynamo: amazon's highly available key-value store},
 booktitle = {Proceedings of twenty-first ACM SIGOPS symposium on
                  Operating systems principles}, 
 series = {SOSP '07},
 year = {2007},
 isbn = {978-1-59593-591-5},
 location = {Stevenson, Washington, USA},
 pages = {205--220},
 numpages = {16},
 url = {http://doi.acm.org/10.1145/1294261.1294281},
 doi = {http://doi.acm.org/10.1145/1294261.1294281},
 acmid = {1294281},
 publisher = {ACM},
 address = {New York, NY, USA},
 keywords = {performance, reliability, scalability},
} 

@INPROCEEDINGS{bigtable:google,
    author = {Fay Chang and Jeffrey Dean and Sanjay Ghemawat and Wilson C. Hsieh and Deborah A. Wallach and Mike Burrows and Tushar Chandra and Andrew Fikes and Robert E. Gruber},
    title = {Bigtable: A distributed storage system for structured data},
    booktitle = {IN PROCEEDINGS OF THE 7TH CONFERENCE ON USENIX SYMPOSIUM ON OPERATING SYSTEMS DESIGN AND IMPLEMENTATION - VOLUME 7},
    year = {2006},
    pages = {205--218},
    publisher = {}
}

@INPROCEEDINGS{Chang06bigtable:a,
    author = {Fay Chang and Jeffrey Dean and Sanjay Ghemawat and
                  Wilson C. Hsieh and Deborah A. Wallach and Mike
                  Burrows and Tushar Chandra and Andrew Fikes and
                  Robert E. Gruber}, 
    title = {Bigtable: A distributed storage system for structured data},
    booktitle = {IN PROCEEDINGS OF THE 7TH CONFERENCE ON USENIX
                  SYMPOSIUM ON OPERATING SYSTEMS DESIGN AND
                  IMPLEMENTATION - VOLUME 7},
    year = {2006},
    pages = {205--218},
    publisher = {}
}

@INPROCEEDINGS{Dean04mapreduce:simplified,
    author = {Jeffrey Dean and Sanjay Ghemawat and Google Inc},
    title = {MapReduce: simplified data processing on large clusters},
    booktitle = {In OSDIâ€™04: Proceedings of the 6th conference on
                  Symposium on Opearting Systems Design &
                  Implementation},
    year = {2004},
    publisher = {USENIX Association}
}

@inproceedings{citeulike:2308503,
    author = {Chu, Cheng T. and Kim, Sang K. and Lin, Yi A. and Yu, Yuanyuan and Bradski, Gary R. and Ng, Andrew Y. and Olukotun, Kunle},
    booktitle = {NIPS},
    citeulike-article-id = {2308503},
    citeulike-linkout-0 = {http://www.cs.stanford.edu/people/ang//papers/nips06-mapreducemulticore.pdf},
    citeulike-linkout-1 = {http://dblp.uni-trier.de/rec/bibtex/conf/nips/ChuKLYBNO06},
    editor = {Sch\"{o}lkopf, Bernhard and Platt, John C. and Hoffman, Thomas},
    keywords = {google, map-reduce},
    pages = {281--288},
    posted-at = {2008-03-07 03:16:12},
    priority = {0},
    publisher = {MIT Press},
    title = {{Map-Reduce for Machine Learning on Multicore}},
    url = {http://www.cs.stanford.edu/people/ang//papers/nips06-mapreducemulticore.pdf},
    year = {2006}
}

@misc{NoSQL,
author = {Wikipedia}, 
howpublished = {\url{http://en.wikipedia.org/wiki/Nosql}},
}

@misc{twittersite,
author = {Twitter}, 
howpublished = {\url{http://www.twitter.com}},
}

@misc{facebooksite,
author = {Facebook}, 
howpublished = {\url{http://www.facebook.com}},
}

@misc{myspacesite,
author = {Myspace}, 
howpublished = {\url{http://www.myspace.com}},
}

@misc{cloud-computing,
author = {Wikipedia}, 
howpublished = {\url{http://en.wikipedia.org/wiki/Cloud_computing}},
}

@misc{cassandra,
author = {Cassandra}, 
howpublished = {\url{http://cassandra.apache.org/}},
}
