@inproceedings{1772727,
 author = {Fang, Lujun and LeFevre, Kristen},
 title = {Privacy wizards for social networking sites},
 booktitle = {WWW '10: Proceedings of the 19th international conference on World wide web},
 year = {2010},
 isbn = {978-1-60558-799-8},
 pages = {351--360},
 location = {Raleigh, North Carolina, USA},
 doi = {http://doi.acm.org/10.1145/1772690.1772727},
 publisher = {ACM},
 address = {New York, NY, USA},
 }

@inproceedings{Gray&Haahr:2004,
  author = {A. Gray and M. Haahr},
  booktitle = {Proceedings of the Conference on Email and Anti-Spam},
  interhash = {512df1b001dd8a8a5163a831c1fc1ec1},
  intrahash = {c70b2f03a2df69d8c482f8252541cac7},
  title = {Personalised, Collaborative Spam Filtering.},
  year = 2004,
  keywords = {imported},
  added-at = {2008-10-07T16:03:39.000+0200},
  biburl = {http://www.bibsonomy.org/bibtex/2c70b2f03a2df69d8c482f8252541cac7/brefeld}
}

@inproceedings{687813,
 author = {Douceur, John R.},
 title = {The Sybil Attack},
 booktitle = {IPTPS '01: Revised Papers from the First International Workshop on Peer-to-Peer Systems},
 year = {2002},
 isbn = {3-540-44179-4},
 pages = {251--260},
 publisher = {Springer-Verlag},
 address = {London, UK},
 }

@INPROCEEDINGS{Pathak08improvingemail,
    author = {Vivek Pathak and Danfeng Yao and Liviu Iftode},
    title = {Improving email trustworthiness through social-group key authentication},
    booktitle = {In Proceedings of the 5th Conference on Email and AntiSpam},
    year = {2008}
}

@article{10.1109/SP.2008.13,
author = {Haifeng Yu and Phillip B. Gibbons and Michael Kaminsky and Feng Xiao},
title = {SybilLimit: A Near-Optimal Social Network Defense against Sybil Attacks},
journal ={Security and Privacy, IEEE Symposium on},
volume = {0},
isbn = {978-0-7695-3168-7},
year = {2008},
pages = {3-17},
doi = {http://doi.ieeecomputersociety.org/10.1109/SP.2008.13},
publisher = {IEEE Computer Society},
address = {Los Alamitos, CA, USA},
}

@inproceedings{DBLP:conf/ceas/WebbCP08,
  author    = {Steve Webb and
               James Caverlee and
               Calton Pu},
  title     = {Social Honeypots: Making Friends With A Spammer Near You},
  booktitle = {CEAS},
  year      = {2008},
  ee        = {http://www.ceas.cc/2008/papers/ceas2008-paper-50.pdf},
  bibsource = {DBLP, http://dblp.uni-trier.de}
}

@inproceedings{1608132,
 author = {Narayanan, Arvind and Shmatikov, Vitaly},
 title = {De-anonymizing Social Networks},
 booktitle = {SP '09: Proceedings of the 2009 30th IEEE Symposium on Security and Privacy},
 year = {2009},
 isbn = {978-0-7695-3633-0},
 pages = {173--187},
 doi = {http://dx.doi.org/10.1109/SP.2009.22},
 publisher = {IEEE Computer Society},
 address = {Washington, DC, USA},
 }

@inproceedings{1547269,
 author = {Zhou, Bin and Pei, Jian},
 title = {Preserving Privacy in Social Networks Against Neighborhood Attacks},
 booktitle = {ICDE '08: Proceedings of the 2008 IEEE 24th International Conference on Data Engineering},
 year = {2008},
 isbn = {978-1-4244-1836-7},
 pages = {506--515},
 doi = {http://dx.doi.org/10.1109/ICDE.2008.4497459},
 publisher = {IEEE Computer Society},
 address = {Washington, DC, USA},
 }

@TechReport{EPFL-REPORT-147272,
   affiliation = {EPFL},
   author      = {Jadliwala, Murtuza and Freudiger, Julien and Aad, Imad
                 and Hubaux, Jean-Pierre and Niemi, Valtteri},
   details     = {http://infoscience.epfl.ch/record/147272},
   documenturl = {http://infoscience.epfl.ch/record/147272/files/jadliwala-mobisys-11122009.pdf},
   oai-id      = {oai:infoscience.epfl.ch:147272},
   oai-set     = {report; fulltext-public; fulltext},
   pagecount   = {13},
   status      = {PUBLISHED},
   title       = {Privacy-{T}riggered {C}ommunications in {P}ervasive {S}ocial {N}etworks},
   unit        = {LCA},
   year        = 2010
}

@inproceedings{1658958,
 author = {Puttaswamy, Krishna P.N. and Sala, Alessandra and Zhao, Ben Y.},
 title = {StarClique: guaranteeing user privacy in social networks against intersection attacks},
 booktitle = {CoNEXT '09: Proceedings of the 5th international conference on Emerging networking experiments and technologies},
 year = {2009},
 isbn = {978-1-60558-636-6},
 pages = {157--168},
 location = {Rome, Italy},
 doi = {http://doi.acm.org/10.1145/1658939.1658958},
 publisher = {ACM},
 address = {New York, NY, USA},
 }

@article{10.1109/SP.2010.21,
author = {Gilbert Wondracek and Thorsten Holz and Engin Kirda and Christopher Kruegel},
title = {A Practical Attack to De-anonymize Social Network Users},
journal ={Security and Privacy, IEEE Symposium on},
volume = {0},
issn = {1081-6011},
year = {2010},
pages = {223-238},
doi = {http://doi.ieeecomputersociety.org/10.1109/SP.2010.21},
publisher = {IEEE Computer Society},
address = {Los Alamitos, CA, USA},
}

@inproceedings{1397747,
 author = {Guha, Saikat and Tang, Kevin and Francis, Paul},
 title = {NOYB: privacy in online social networks},
 booktitle = {WOSP '08: Proceedings of the first workshop on Online social networks},
 year = {2008},
 isbn = {978-1-60558-182-8},
 pages = {49--54},
 location = {Seattle, WA, USA},
 doi = {http://doi.acm.org/10.1145/1397735.1397747},
 publisher = {ACM},
 address = {New York, NY, USA},
 }

@inproceedings{1460628,
 author = {Brown, Garrett and Howe, Travis and Ihbe, Micheal and Prakash, Atul and Borders, Kevin},
 title = {Social networks and context-aware spam},
 booktitle = {CSCW '08: Proceedings of the 2008 ACM conference on Computer supported cooperative work},
 year = {2008},
 isbn = {978-1-60558-007-4},
 pages = {403--412},
 location = {San Diego, CA, USA},
 doi = {http://doi.acm.org/10.1145/1460563.1460628},
 publisher = {ACM},
 address = {New York, NY, USA},
 }

@article{1183467,
 author = {Hui, Kai-Lung and Tan, Bernard C. Y. and Goh, Chyan-Yee},
 title = {Online information disclosure: Motivators and measurements},
 journal = {ACM Trans. Internet Technol.},
 volume = {6},
 number = {4},
 year = {2006},
 issn = {1533-5399},
 pages = {415--441},
 doi = {http://doi.acm.org/10.1145/1183463.1183467},
 publisher = {ACM},
 address = {New York, NY, USA},
 }

@inproceedings{1397744,
 author = {Krishnamurthy, Balachander and Wills, Craig E.},
 title = {Characterizing privacy in online social networks},
 booktitle = {WOSP '08: Proceedings of the first workshop on Online social networks},
 year = {2008},
 isbn = {978-1-60558-182-8},
 pages = {37--42},
 location = {Seattle, WA, USA},
 doi = {http://doi.acm.org/10.1145/1397735.1397744},
 publisher = {ACM},
 address = {New York, NY, USA},
 }

@inproceedings{1658959,
 author = {Tootoonchian, Amin and Saroiu, Stefan and Ganjali, Yashar and Wolman, Alec},
 title = {Lockr: better privacy for social networks},
 booktitle = {CoNEXT '09: Proceedings of the 5th international conference on Emerging networking experiments and technologies},
 year = {2009},
 isbn = {978-1-60558-636-6},
 pages = {169--180},
 location = {Rome, Italy},
 doi = {http://doi.acm.org/10.1145/1658939.1658959},
 publisher = {ACM},
 address = {New York, NY, USA},
 }

@inproceedings{1242598,
 author = {Backstrom, Lars and Dwork, Cynthia and Kleinberg, Jon},
 title = {Wherefore art thou r3579x?: anonymized social networks, hidden patterns, and structural steganography},
 booktitle = {WWW '07: Proceedings of the 16th international conference on World Wide Web},
 year = {2007},
 isbn = {978-1-59593-654-7},
 pages = {181--190},
 location = {Banff, Alberta, Canada},
 doi = {http://doi.acm.org/10.1145/1242572.1242598},
 publisher = {ACM},
 address = {New York, NY, USA},
 }

@inproceedings{identity_theft,
 author = {Bilge, Leyla and Strufe, Thorsten and Balzarotti, Davide and Kirda, Engin},
 title = {All your contacts are belong to us: automated identity theft attacks on social networks},
 booktitle = {WWW '09: Proceedings of the 18th international conference on World wide web},
 year = {2009},
 isbn = {978-1-60558-487-4},
 pages = {551--560},
 location = {Madrid, Spain},
 doi = {http://doi.acm.org/10.1145/1526709.1526784},
 publisher = {ACM},
 address = {New York, NY, USA},
 }

@inproceedings{conf/eurosys09/user_interaction,
 author = {Wilson, Christo and Boe, Bryce and Sala, Alessandra and Puttaswamy, Krishna P.N. and Zhao, Ben Y.},
 title = {User interactions in social networks and their implications},
 booktitle = {EuroSys '09: Proceedings of the 4th ACM European conference on Computer systems},
 year = {2009},
 isbn = {978-1-60558-482-9},
 pages = {205--218},
 location = {Nuremberg, Germany},
 doi = {http://doi.acm.org/10.1145/1519065.1519089},
 publisher = {ACM},
 address = {New York, NY, USA},
 }
@inproceedings{collective_privacy,
 author = {Squicciarini, Anna Cinzia and Shehab, Mohamed and Paci, Federica},
 title = {Collective privacy management in social networks},
 booktitle = {WWW '09: Proceedings of the 18th international conference on World wide web},
 year = {2009},
 isbn = {978-1-60558-487-4},
 pages = {521--530},
 location = {Madrid, Spain},
 doi = {http://doi.acm.org/10.1145/1526709.1526780},
 publisher = {ACM},
 address = {New York, NY, USA},
 }